@article{scikit-learn,
 title={Scikit-learn: Machine Learning in {P}ython},
 author={Pedregosa, F. and Varoquaux, G. and Gramfort, A. and Michel, V.
         and Thirion, B. and Grisel, O. and Blondel, M. and Prettenhofer, P.
         and Weiss, R. and Dubourg, V. and Vanderplas, J. and Passos, A. and
         Cournapeau, D. and Brucher, M. and Perrot, M. and Duchesnay, E.},
 journal={Journal of Machine Learning Research},
 volume={12},
 pages={2825--2830},
 year={2011}
}

@misc{sms-spam,
 title={Infographic: How CAN SMS spam harm you?},
 url={https://blogs.quickheal.com/infographic-how-can-sms-spam-harm-you/},
 journal={Quick Heal Blog},
 author={Singha, Rajiv},
 year={2016},
 month={Aug}
}

@misc{Dsilva_2018,
 title={HAM or spam? SMS text classification with Machine Learning},
 url={https://medium.com/tech-career-nuggets/sms-text-classification-a51defc2361c},
 journal={Medium},
 publisher={Tech &amp; Career Nuggets},
 author={Dsilva, Deepal},
 year={2018},
 month={Aug}
}

@misc{Benedetto_2021,
 title={SPAM detection in SMS messages},
 url={https://towardsdatascience.com/spam-detection-in-sms-messages-3322e03300f5},
 journal={Medium},
 publisher={Towards Data Science},
 author={Benedetto, M.F.},
 year={2021},
 month={Dec}
}

@misc{XpertAI_2021,
 title={XpertAI},
 url={https://xpertai.com/},
 journal={XpertAI},
 year={2021},
 month={Feb}
}

@misc{dataset_2016, 
 title={SMS Spam Collection Dataset},
 url={https://www.kaggle.com/datasets/uciml/sms-spam-collection-dataset},
 journal={Kaggle},
 author={Learning, UCI Machine},
 year={2016},
 month={Dec}
}

@misc{Simha_2021,
 title={Understanding TF-IDF for Machine Learning},
 url={https://www.capitalone.com/tech/machine-learning/understanding-tf-idf},
 journal={Capital One},
 publisher={Capital One},
 author={Simha, Anirudha},
 year={2021},
 month={Oct}
}

@misc{Molnar_2023,
 title={Logistic Regression},
 url={https://christophm.github.io/interpretable-ml-book/logistic.html},
 journal={Interpretable Machine Learning},
 author={Molnar, Christoph},
 year={2023},
 month={Aug}
} 

@misc{Chauhan_2022,
 title={Na√Øve Bayes Algorithm: Everything you need to know},
 url={https://www.kdnuggets.com/2020/06/naive-bayes-algorithm-everything.html},
 journal={KDnuggets},
 author={Chauhan, Nagesh Singh},
 year={2022},
 month={Apr}
} 

@misc{Saini_2022,
 title={An introduction to Random Forest Algorithm for Beginners},
 url={https://www.analyticsvidhya.com/blog/2021/10/an-introduction-to-random-forest-algorithm-for-beginners/},
 journal={Analytics Vidhya},
 author={Saini, Anshul},
 year={2022},
 month={Aug}
}

@misc{Ruder_2020,
 title={An overview of gradient descent optimization algorithms},
 url={https://www.ruder.io/optimizing-gradient-descent/},
 journal={ruder.io},
 publisher={ruder.io},
 author={Ruder, Sebastian},
 year={2020},
 month={Mar}
} 

@inproceedings{abadi2016tensorflow,
  title={Tensorflow: A system for large-scale machine learning},
  author={Abadi, Mart{\'\i}n and Barham, Paul and Chen, Jianmin and Chen, Zhifeng and Davis, Andy and Dean, Jeffrey and Devin, Matthieu and Ghemawat, Sanjay and Irving, Geoffrey and Isard, Michael and others},
  booktitle={12th $\{$USENIX$\}$ Symposium on Operating Systems Design and Implementation ($\{$OSDI$\}$ 16)},
  pages={265--283},
  year={2016}
}

@incollection{NEURIPS2019_9015,
title = {PyTorch: An Imperative Style, High-Performance Deep Learning Library},
author = {Paszke, Adam and Gross, Sam and Massa, Francisco and Lerer, Adam and Bradbury, James and Chanan, Gregory and Killeen, Trevor and Lin, Zeming and Gimelshein, Natalia and Antiga, Luca and Desmaison, Alban and Kopf, Andreas and Yang, Edward and DeVito, Zachary and Raison, Martin and Tejani, Alykhan and Chilamkurthy, Sasank and Steiner, Benoit and Fang, Lu and Bai, Junjie and Chintala, Soumith},
booktitle = {Advances in Neural Information Processing Systems 32},
pages = {8024--8035},
year = {2019},
publisher = {Curran Associates, Inc.},
url = {http://papers.neurips.cc/paper/9015-pytorch-an-imperative-style-high-performance-deep-learning-library.pdf}
}
